@article{BLAS,
 author = {Dongarra, J. J. and Du Croz, Jeremy and Hammarling, Sven and Duff, I. S.},
 title = {A set of level 3 basic linear algebra subprograms},
 journal = {ACM Trans. Math. Softw.},
 issue_date = {March 1990},
 volume = {16},
 issue = {1},
 month = {March},
 year = {1990},
 issn = {0098-3500},
 pages = {1--17},
 numpages = {17},
 url = {http://doi.acm.org/10.1145/77626.79170},
 doi = {http://doi.acm.org/10.1145/77626.79170},
 acmid = {79170},
 publisher = {ACM},
 address = {New York, NY, USA},
} 

@Misc{ IntelMKL,
	title = "Intel {M}ath {K}ernel {L}ibrary ({I}ntel {MKL}) Webpage",
	key = "Intel Math Kernel Library",
	note = "http://software.intel.com/en-us/intel-mkl/",
	url = "http://software.intel.com/en-us/intel-mkl/"
}

@Misc{ ROSE,
	title = "R{OSE} {C}ompiler {F}ramework",
	key = "ROSE",
	note = "http://rosecompiler.org/",
	url = "http://rosecompiler.org/"
}

@Manual{CUBLAS,
	month = aug,
	organization = "nVidia Corporation",
	posted-at = "2011-01-27 02:17:11",
	priority = "0",
	title = "{CUDA CUBLAS Library 3.2}",
	url = "http://developer.download.nvidia.com/compute/cuda/3_2_prod/toolkit/docs/CUBLAS_Library.pdf",
	year = "2010"
}

@inproceedings{Coccinelle,
  author = {Yoann Padioleau and Julia L. Lawall and
    Ren\'e Rydhof Hansen and Gilles Muller},
  title = {Documenting and Automating Collateral Evolutions in Linux Device
  Drivers},
  booktitle = {EuroSys 2008},
  month = mar,
  year = 2008,
  pages = {247--260},
  address = {Glasgow, Scotland}
}




